<collection xmlns="http://www.loc.gov/MARC21/slim">
<record>
  <leader>01420nam0a2200277 i 450 </leader>
  <controlfield tag="001">IT\ICCU\CNCE\011117</controlfield>
  <controlfield tag="005">20100205000000.0</controlfield>
  <datafield tag="012" ind1=" " ind2=" ">
    <subfield code="a">i.s. t.t. ino- Juse (3) 1527 (R)</subfield>
    <subfield code="2">fei</subfield>
  </datafield>
  <datafield tag="100" ind1=" " ind2=" ">
    <subfield code="a">19970101d1527        0itac0103    ba</subfield>
  </datafield>
  <datafield tag="101" ind1=" " ind2=" ">
    <subfield code="a">LAT</subfield>
  </datafield>
  <datafield tag="102" ind1=" " ind2=" ">
    <subfield code="a">IT</subfield>
  </datafield>
  <datafield tag="200" ind1="1" ind2=" ">
    <subfield code="a">Habetis Dei ministri manuale secundum ritum Sancte Romane Ecclesie in quo dominicalia, ferialia, sanctorum propria, communiaque officia Deipare Virginis ...</subfield>
  </datafield>
  <datafield tag="210" ind1=" " ind2=" ">
    <subfield code="a">\Torino</subfield>
    <subfield code="c">Pietro Paolo Porro!</subfield>
    <subfield code="e">Impressit in Taurinorum Augusta</subfield>
    <subfield code="g">impressit calcographorum solertissimus Petrus Paulus de Porris</subfield>
    <subfield code="h">1527 die xvj mensis Iulij</subfield>
  </datafield>
  <datafield tag="215" ind1=" " ind2=" ">
    <subfield code="a">\10!, CLII c.</subfield>
    <subfield code="d">fol</subfield>
  </datafield>
  <datafield tag="500" ind1="1" ind2="0">
    <subfield code="3">IT\ICCU\CNCE\027347</subfield>
    <subfield code="a">Antiphonale officii</subfield>
  </datafield>
  <datafield tag="620" ind1=" " ind2=" ">
    <subfield code="a">IT</subfield>
    <subfield code="d">Torino</subfield>
  </datafield>
  <datafield tag="710" ind1="0" ind2="2">
    <subfield code="a">Chiesa cattolica</subfield>
    <subfield code="3">6731</subfield>
  </datafield>
  <datafield tag="712" ind1="0" ind2="0">
    <subfield code="a">Porro, Pietro Paolo</subfield>
    <subfield code="3">IT\ICCU\CNCT\000381</subfield>
    <subfield code="4">650</subfield>
  </datafield>
  <datafield tag="791" ind1="0" ind2="0">
    <subfield code="a">Porris, Petrus Paulus de</subfield>
    <subfield code="3">IT\ICCU\CNCT\002531</subfield>
    <subfield code="z">Porro, Pietro Paolo</subfield>
  </datafield>
  <datafield tag="791" ind1="0" ind2="0">
    <subfield code="a">De_Porris, Petrus Paulus</subfield>
    <subfield code="3">IT\ICCU\CNCT\002532</subfield>
    <subfield code="z">Porro, Pietro Paolo</subfield>
  </datafield>
  <datafield tag="791" ind1="0" ind2="0">
    <subfield code="a">Porrus, Petrus Paulus</subfield>
    <subfield code="3">IT\ICCU\CNCT\005473</subfield>
    <subfield code="z">Porro, Pietro Paolo</subfield>
  </datafield>
  <datafield tag="801" ind1=" " ind2="3">
    <subfield code="a">IT</subfield>
    <subfield code="b">ICCU</subfield>
    <subfield code="c">20201113</subfield>
  </datafield>
  <datafield tag="899" ind1=" " ind2=" ">
    <subfield code="a">Biblioteca statale. Cremona</subfield>
    <subfield code="1">CR0062</subfield>
    <subfield code="2">LO1 28</subfield>
  </datafield>
  <datafield tag="899" ind1=" " ind2=" ">
    <subfield code="a">Biblioteca comunale Ariostea. Ferrara</subfield>
    <subfield code="1">FE0017</subfield>
    <subfield code="2">UFE AR</subfield>
  </datafield>
  <datafield tag="911" ind1=" " ind2=" ">
    <subfield code="a">nel front.</subfield>
    <subfield code="9">IT\ICCU\CNCM\001255</subfield>
  </datafield>
  <datafield tag="921" ind1=" " ind2=" ">
    <subfield code="a">IT\ICCU\CNCM\001255</subfield>
    <subfield code="b">Porro con radici sopra un cuore nel quale sono intrecciate le iniziali P.P.</subfield>
    <subfield code="c">Z972</subfield>
    <subfield code="d">Dimensioni: 4,7 x 7,3</subfield>
    <subfield code="f">PORRO</subfield>
    <subfield code="f">PP</subfield>
    <subfield code="f">CUORE</subfield>
    <subfield code="g">1527</subfield>
  </datafield>
</record>
</collection>
